1573 2820
169 141 281 183 6270
625 137 717 179 135.
780 137 1064 190 Anelaomyza.

168 252 407 289 transversis
455 261 532 288 non
583 249 806 295 infuscans,
852 251 1031 299 squamis
1063 248 1322 287 subalaribus
1369 251 1516 299 parvis,

170 326 293 371 albis;
327 336 441 361 mas:
470 323 602 362 oculis
635 323 1075 374 appropinquantibus,
1111 323 1324 362 abdomine
1357 323 1515 369 lineari,

173 397 408 443 tatiuscuto.
437 398 639 449 depresso,
670 398 773 437 linea
807 397 958 436 dorsali
988 399 1116 449 nigra,
1136 410 1212 436 ano
1242 404 1344 445 atro,
1377 398 1514 437 nitido,

174 479 217 520 ὅ.
249 473 391 526 (Long.
423 474 590 514 circiter
622 474 646 510 2
679 472 781 518 lin.).

287 582 375 621 Hab
421 585 461 622 in
503 582 751 628 Goutandia‚
801 580 869 619 ubi
904 582 942 619 in
991 581 1016 618 2
1065 581 1367 632 speciminibus,
1408 579 1446 618 d:
1477 582 1514 619 in

165 657 410 705 Smolandia‚
460 658 528 697 ubi
583 660 622 697 in
668 658 788 695 unico
821 656 1051 707 specimine,
1085 669 1104 694 a
1145 656 1251 695 Prot.
1299 653 1514 694 Boheman

171 732 293 782 lecta,
327 733 430 772 Mus.
458 732 579 774 Acad.
611 732 798 772 Holmiae.

217 861 261 897 ὅ.
311 863 443 895 Similis
481 856 596 891 Anth.
636 861 842 890 coarctalae
879 857 966 898 (10),
1005 868 1023 887 a
1050 867 1115 896 qua
1142 868 1224 888 vero
1252 859 1371 889 colore
1397 862 1517 899 purius

258 929 414 963 cinereo,
441 934 504 955 nec
530 924 903 961 flavescenti-cinereo,
922 924 1013 953 tibiis
1041 924 1303 953 obscurioribus
1319 934 1379 954 seu
1397 927 1516 965 piceis,

261 1001 324 1021 nec
351 989 525 1024 testaceis,
554 988 616 1017 alis
643 988 698 1017 vix
726 988 789 1017 nisi
818 988 890 1017 basi
926 988 1178 1024 flavit-antibus,
1204 990 1354 1026 squamis
1381 991 1516 1020 subalw

261 1056 357 1085 ribus
385 1053 522 1089 albidis,
550 1052 662 1082 oculis
689 1049 753 1092 (ὅ)
780 1052 936 1082 nonnihil
959 1053 1066 1091 magis
1094 1053 1248 1088 remotis,
1279 1050 1312 1087 ὃς
1338 1054 1370 1083 in
1399 1056 1516 1093 primis

261 1119 446 1149 abdomine
488 1117 611 1147 saltem
650 1117 795 1146 dimidio
834 1117 972 1154 latiore,
1013 1127 1077 1146 ano
1116 1117 1227 1155 nigro,
1267 1127 1328 1146 nec
1364 1119 1517 1158 cinereo,

264 1183 401 1214 abunde
429 1183 582 1221 dignota.
611 1199 652 1206 —
679 1183 807 1221 Opaca.
859 1182 960 1211 Oculi
989 1180 1175 1221 majusculi
1204 1182 1284 1211 nudi
1313 1192 1374 1221 per
1400 1185 1517 1213 vittam

260 1248 446 1278 srontalem
486 1247 599 1275 antice
643 1245 761 1284 paullo
806 1245 967 1275 latiorem
1007 1244 1042 1283 &5
1079 1247 1208 1276 orbitas
1236 1252 1357 1276 tenues
1385 1249 1514 1285 griseas

264 1323 332 1342 non
359 1313 429 1341 late
456 1312 594 1340 remoti.
645 1312 808 1339 Antennae
836 1311 1042 1348 epistomate
1069 1311 1349 1350 perpendiculari
1377 1313 1517 1344 sordide

261 1376 378 1406 albido
406 1374 564 1405 nonnihil
591 1374 784 1410 breviores,
819 1374 1048 1411 subtineares,
1077 1376 1188 1413 nigrae,
1217 1376 1364 1405 articulo
1393 1378 1516 1407 ultimo

260 1451 411 1480 superne
439 1440 510 1469 basi
538 1443 666 1478 puncto
706 1438 848 1477 pallido,
876 1443 950 1468 seta
988 1440 1150 1469 distincte
1177 1439 1236 1468 sed
1264 1439 1415 1469 breviter
1441 1442 1515 1480 plu-

257 1509 359 1535 mata.
410 1498 547 1534 Thorax
573 1503 732 1532 obsolete
759 1502 1040 1534 fusco-lineatus.
1091 1503 1286 1533 Scutellum
1314 1506 1513 1536 immacula-

263 1573 346 1599 tum.
395 1568 574 1598 Abdomen
620 1567 770 1606 pilosum
811 1565 845 1603 ὃς
872 1569 1086 1607 setulosum3
1122 1569 1203 1597 sitta
1230 1578 1292 1598 seu
1319 1568 1410 1598 linea
1438 1570 1515 1600 ‹lor-

256 1634 318 1664 sali
348 1634 443 1672 nigra
472 1642 489 1662 e
517 1632 661 1661 maculis
689 1630 710 1660 4
736 1631 1011 1671 oblongiusculis
1050 1633 1328 1662 concatenulatis
1355 1634 1514 1665 connata.

261 1700 355 1728 Anus
395 1696 603 1726 latiusculus
642 1698 739 1735 niger
778 1697 1019 1728 nitidissimus.
1080 1698 1211 1727 Venter
1248 1698 1344 1736 apice
1383 1699 1518 1730 laminis

261 1765 281 1793 2
320 1761 514 1793 rotundatis
556 1761 712 1790 obscuris
751 1761 867 1800 opacis
906 1761 1157 1801 nigro-pilosiS.
1220 1762 1359 1791 Alarum
1400 1765 1514 1793 nervi:

255 1833 472 1858 transversus
512 1826 626 1855 ordin.
665 1825 843 1855 lenissime
881 1825 1003 1863 nexus,
1045 1826 1203 1856 nonnihil
1244 1830 1321 1855 ante
1362 1828 1514 1857 medium

259 1903 346 1923 areae
385 1893 548 1927 insertus,
587 1889 829 1928 subobliquus,
867 1890 1143 1929 longitudinales
1182 1890 1201 1919 3
1231 1887 1265 1925 ἐς
1292 1888 1313 1919 4
1338 1891 1513 1929 paralleli.

249 1955 352 1986 Costa
388 1955 517 1986 leniter
552 1954 683 1994 ciliata,
720 1953 856 1993 spinula
883 1956 1018 1993 gemina
1045 1955 1226 1986 mediocri.
1276 1956 1505 1994 Squamarnm

256 2021 470 2050 subalarium
519 2020 656 2049 valvula
704 2019 867 2057 superior
911 2019 1114 2050 inferiorem
1162 2024 1292 2058 tegens.
1353 2021 1514 2050 Halteres

258 2085 388 2125 pallide
416 2084 506 2115 ssavi.
557 2084 666 2114 Pedes
695 2083 855 2113 distincte
883 2084 1066 2123 spinulosi,
1084 2085 1184 2123 nigri,
1213 2084 1365 2123 pulvillis
1390 2082 1515 2123 majus-

258 2150 345 2179 culis
385 2148 522 2184 albidis,
566 2148 846 2177 trochanteribus
885 2148 1102 2179 intermediis
1144 2148 1364 2187 ferrugineis.
1408 2166 1447 2171 -—
1476 2149 1513 2177 In

257 2213 367 2242 altero
394 2213 595 2252 specimine,
634 2211 694 2241 sed
720 2216 814 2242 certe
843 2209 999 2251 ejusdem
1026 2214 1169 2252 speciei,
1196 2212 1319 2242 frontis
1347 2213 1427 2242 vitta
1455 2214 1513 2242 ob-

257 2286 357 2307 scure
383 2276 481 2313 (lava,
509 2285 572 2305 nec
598 2276 704 2314 fulva,
735 2276 883 2306 thoracis
910 2277 1007 2306 lineas
1044 2277 1064 2306 5
1091 2276 1294 2315 ferruginem
1320 2277 1437 2316 paullo
1465 2278 1514 2307 di-

253 2341 463 2376 sumitates,
491 2344 528 2369 ut
557 2337 592 2375 ὃς
635 2339 770 2369 macula
809 2341 904 2379 nigra
931 2342 964 2370 in
993 2341 1186 2371 abdominis
1226 2346 1404 2380 segmento
1433 2341 1512 2370 2:110

256 2405 436 2442 deficiens,
462 2404 554 2434 unde
582 2405 664 2434 vitta
703 2404 815 2434 antice
855 2405 1065 2436 abbreviata.
1093 2423 1134 2429 --
1162 2406 1212 2435 Ab
1239 2402 1367 2437 Aricia
1394 2402 1514 2436 Bruu-

255 2467 416 2501 neilinea
452 2467 527 2508 (mo
566 2467 624 2509 58)
664 2469 755 2500 tibiis
794 2471 941 2500 obscure
980 2469 1202 2509 ferrugineis,
1242 2479 1304 2500 nec
1332 2470 1449 2508 nigris,
1480 2467 1514 2505 ἐς

251 2535 307 2565 vix
335 2535 437 2565 aliter
464 2533 695 2572 dignoscitur.
